@unpublished{HSS, 
AUTHOR = {Hoyois, Marc and Scherotzke, Sarah and Sibilla, Nicol\'{o}},
TITLE = {Higher traces, noncommutative motives, and the categorified Chern character},
NOTE = {Available at \url{https://arxiv.org/abs/1511.03589}}
}
